<?xml version="1.0" encoding="UTF-8"?><collection xmlns="http://www.loc.gov/MARC21/slim"><record><leader>00542nam--2200193-u-4500</leader><controlfield tag="001">000053360</controlfield><controlfield tag="002">20161230</controlfield><controlfield tag="005">20161230201051</controlfield><controlfield tag="008">110315s1000------------r-----000-0-rum-d</controlfield><datafield ind1=" " ind2=" " tag="020"><subfield code="a">9736857174</subfield></datafield><datafield ind1=" " ind2=" " tag="040"><subfield code="a">IFIN-HH</subfield></datafield><datafield ind1=" " ind2=" " tag="041"><subfield code="a">rum</subfield></datafield><datafield ind1=" " ind2=" " tag="080"><subfield code="a">53</subfield></datafield><datafield ind1="1" ind2=" " tag="100"><subfield code="a">Ivanov, Ilie</subfield></datafield><datafield ind1="1" ind2="0" tag="245"><subfield code="a">Fizica</subfield><subfield code="b">Curs aspecte fundamentale; tematica complementara; aplicatii si probleme cu rezolvari - nivel universitar -</subfield><subfield code="c">Ilie ivanov</subfield></datafield><datafield ind1=" " ind2=" " tag="260"><subfield code="a">Bucuresti</subfield><subfield code="b">Matrix Rom</subfield><subfield code="c">2004</subfield></datafield><datafield ind1=" " ind2=" " tag="300"><subfield code="a">379P</subfield></datafield><datafield ind1=" " ind2=" " tag="852"><subfield code="a">81538</subfield><subfield code="c">53</subfield></datafield><datafield ind1=" " ind2=" " tag="CAT"><subfield code="a">Sys</subfield><subfield code="c">20110315</subfield><subfield code="h">160146</subfield></datafield></record></collection>